<?xml version="1.0" encoding="UTF-8"?><record xmlns="http://www.loc.gov/MARC21/slim" xmlns:cinclude="http://apache.org/cocoon/include/1.0" xmlns:zs="http://www.loc.gov/zing/srw/">
  <leader>00645nz  a2200157n  4500</leader>
  <controlfield tag="001">no2011132097</controlfield>
  <controlfield tag="003">DLC</controlfield>
  <controlfield tag="005">20110826075316.0</controlfield>
  <controlfield tag="008">110824n| acannaabn          |n aaa     c</controlfield>
  <datafield tag="010" ind1=" " ind2=" ">
    <subfield code="a">no2011132097</subfield>
  </datafield>
  <datafield tag="035" ind1=" " ind2=" ">
    <subfield code="a">(OCoLC)oca08955259</subfield>
  </datafield>
  <datafield tag="040" ind1=" " ind2=" ">
    <subfield code="a">CU-A</subfield>
    <subfield code="b">eng</subfield>
    <subfield code="c">CU-A</subfield>
  </datafield>
  <datafield tag="100" ind1="1" ind2=" ">
    <subfield code="a">Okey, Ruth</subfield>
    <subfield code="q">(Ruth Eliza),</subfield>
    <subfield code="d">1893-1987</subfield>
  </datafield>
  <datafield tag="670" ind1=" " ind2=" ">
    <subfield code="a">Basic problems of lipid metabolism of importance to man, 1968:</subfield>
    <subfield code="b">cover (Ruth Okey)</subfield>
  </datafield>
  <datafield tag="670" ind1=" " ind2=" ">
    <subfield code="a">AMW, 1965</subfield>
    <subfield code="b">(Okey, Prof. Ruth Eliza, b. Sep. 13, 1893, Woodsfield, Ohio.; physiological chemistry)</subfield>
  </datafield>
  <datafield tag="670" ind1=" " ind2=" ">
    <subfield code="a">SSDI via RootsWeb, Aug. 23, 2011</subfield>
    <subfield code="b">(Okey, Ruth, b. Sep. 13, 1893, Woodsfield, Ohio, d. Sep. 15, 1987, Berkeley, Calif.)</subfield>
  </datafield>
</record>